<record><leader>00000cas a2200000   4500</leader><controlfield tag="001">4274469</controlfield><controlfield tag="008">781005d19uu19uunyuer ne      0   a0arm c</controlfield><datafield ind1=" " ind2=" " tag="010"><subfield code="a">sn 78006150 </subfield></datafield><datafield ind1=" " ind2=" " tag="040"><subfield code="a">NSD</subfield><subfield code="b">eng</subfield><subfield code="c">NSD</subfield><subfield code="d">OCL</subfield><subfield code="d">OCLCQ</subfield><subfield code="d">CLU</subfield><subfield code="d">OCLCF</subfield></datafield><datafield ind1=" " ind2=" " tag="012"><subfield code="k">1</subfield><subfield code="l">1</subfield><subfield code="m">1</subfield></datafield><datafield ind1="0" ind2=" " tag="022"><subfield code="a">0162-8798</subfield><subfield code="l">0162-8798</subfield><subfield code="2">1</subfield></datafield><datafield ind1="1" ind2=" " tag="029"><subfield code="a">AU@</subfield><subfield code="b">000020268231</subfield></datafield><datafield ind1=" " ind2=" " tag="032"><subfield code="a">129250</subfield><subfield code="b">USPS</subfield></datafield><datafield ind1=" " ind2=" " tag="042"><subfield code="a">nsdp</subfield><subfield code="a">pcc</subfield></datafield><datafield ind1="1" ind2="0" tag="082"><subfield code="a">051</subfield><subfield code="2">12</subfield></datafield><datafield ind1="0" ind2=" " tag="210"><subfield code="a">Armen. rep.</subfield><subfield code="b">(Armen. lang. ed.)</subfield></datafield><datafield ind1=" " ind2="4" tag="222"><subfield code="a">The Armenian reporter.</subfield><subfield code="b">(Armenian language ed.)</subfield></datafield><datafield ind1="0" ind2="4" tag="245"><subfield code="a">The Armenian reporter.</subfield></datafield><datafield ind1=" " ind2=" " tag="250"><subfield code="a">Armenian language ed.</subfield></datafield><datafield ind1=" " ind2=" " tag="260"><subfield code="a">Flushing, N.Y.,</subfield><subfield code="b">Armenian Reporter.</subfield></datafield><datafield ind1=" " ind2="0" tag="650"><subfield code="a">Armenians</subfield><subfield code="z">New York (State)</subfield><subfield code="v">Newspapers.</subfield></datafield><datafield ind1=" " ind2="0" tag="650"><subfield code="a">Armenian Americans</subfield><subfield code="z">New York (State)</subfield><subfield code="v">Newspapers.</subfield></datafield><datafield ind1=" " ind2="0" tag="651"><subfield code="a">Flushing (New York, N.Y.)</subfield><subfield code="v">Newspapers.</subfield></datafield><datafield ind1=" " ind2="7" tag="655"><subfield code="a">Newspapers.</subfield><subfield code="2">fast</subfield><subfield code="0">(OCoLC)fst01423814</subfield></datafield><datafield ind1=" " ind2="7" tag="650"><subfield code="a">Armenian Americans.</subfield><subfield code="2">fast</subfield><subfield code="0">(OCoLC)fst00814656</subfield></datafield><datafield ind1=" " ind2="7" tag="650"><subfield code="a">Armenians.</subfield><subfield code="2">fast</subfield><subfield code="0">(OCoLC)fst00814767</subfield></datafield><datafield ind1=" " ind2="7" tag="651"><subfield code="a">New York (State)</subfield><subfield code="2">fast</subfield><subfield code="0">(OCoLC)fst01210280</subfield></datafield><datafield ind1=" " ind2="7" tag="651"><subfield code="a">New York (State)</subfield><subfield code="z">New York</subfield><subfield code="z">Flushing.</subfield><subfield code="2">fast</subfield><subfield code="0">(OCoLC)fst01312383</subfield></datafield><datafield ind1=" " ind2=" " tag="752"><subfield code="a">United States</subfield><subfield code="b">New York</subfield><subfield code="c">Queens</subfield><subfield code="d">Flushing.</subfield></datafield><datafield ind1="0" ind2=" " tag="775"><subfield code="t">Armenian reporter</subfield><subfield code="e">eng</subfield><subfield code="x">0004-2358</subfield><subfield code="w">(DLC)sn 78001532</subfield><subfield code="w">(OCoLC)3972424</subfield></datafield></record>